<record><leader>00000cas a22000007a 4500</leader><controlfield tag="001">20962915</controlfield><controlfield tag="008">900126d18891895mouwr ne      0    0eng d</controlfield><datafield ind1=" " ind2=" " tag="010"><subfield code="a">sn 90061070 </subfield></datafield><datafield ind1=" " ind2=" " tag="040"><subfield code="a">MQN</subfield><subfield code="b">eng</subfield><subfield code="c">MQN</subfield><subfield code="d">OCLCQ</subfield></datafield><datafield ind1=" " ind2=" " tag="042"><subfield code="a">msc</subfield></datafield><datafield ind1="0" ind2="0" tag="245"><subfield code="a">Sedalia weekly gazette.</subfield></datafield><datafield ind1=" " ind2=" " tag="260"><subfield code="a">Sedalia, Mo. :</subfield><subfield code="b">Gazette Print. Co.,</subfield><subfield code="c">1889-1895.</subfield></datafield><datafield ind1=" " ind2=" " tag="300"><subfield code="a">v.</subfield></datafield><datafield ind1=" " ind2=" " tag="310"><subfield code="a">Weekly,</subfield><subfield code="b">&lt;Nov. 2, 1894&gt;-</subfield></datafield><datafield ind1=" " ind2=" " tag="321"><subfield code="a">Weekly,</subfield><subfield code="b">Apr. 12, 1889-&lt;Feb. 23, 1894&gt;</subfield></datafield><datafield ind1=" " ind2=" " tag="321"><subfield code="a">Semiweekly,</subfield><subfield code="b">&lt;Feb. 27-Oct. 30, 1894&gt;</subfield></datafield><datafield ind1="0" ind2=" " tag="362"><subfield code="a">Vol. 1, no. 13 (Apr. 12, 1889)-</subfield></datafield><datafield ind1="1" ind2=" " tag="362"><subfield code="a">Ceased in 1895.</subfield></datafield><datafield ind1=" " ind2="4" tag="651"><subfield code="a">Sedalia (Mo.)</subfield><subfield code="v">Newspapers.</subfield></datafield><datafield ind1=" " ind2=" " tag="752"><subfield code="a">United States</subfield><subfield code="b">Missouri</subfield><subfield code="c">Pettis</subfield><subfield code="d">Sedalia.</subfield></datafield><datafield ind1="0" ind2=" " tag="775"><subfield code="t">Sedalia morning gazette</subfield><subfield code="w">(DLC)sn 90061069</subfield></datafield><datafield ind1="0" ind2="0" tag="780"><subfield code="t">Sedalia gazette (Sedalia, Mo. : Weekly)</subfield><subfield code="w">(DLC)sn 93059987</subfield></datafield><datafield ind1="1" ind2=" " tag="029"><subfield code="a">AU@</subfield><subfield code="b">000020592356</subfield></datafield></record>